<record><leader>00000cas a22000007a 4500</leader><controlfield tag="001">12578877</controlfield><controlfield tag="008">850920d18uu1913wiuwr ne      0    0eng d</controlfield><datafield ind1=" " ind2=" " tag="010"><subfield code="a">sn 85041041 </subfield></datafield><datafield ind1=" " ind2=" " tag="040"><subfield code="a">NPV</subfield><subfield code="b">eng</subfield><subfield code="c">NPV</subfield><subfield code="d">OCL</subfield><subfield code="d">OCLCQ</subfield></datafield><datafield ind1=" " ind2=" " tag="042"><subfield code="a">msc</subfield></datafield><datafield ind1=" " ind2=" " tag="045"><subfield code="a">w-x1</subfield></datafield><datafield ind1=" " ind2=" " tag="052"><subfield code="a">4123</subfield><subfield code="b">O9</subfield></datafield><datafield ind1="0" ind2="4" tag="245"><subfield code="a">The Port Washington star.</subfield></datafield><datafield ind1="1" ind2="3" tag="246"><subfield code="a">Ozaukeean</subfield></datafield><datafield ind1=" " ind2=" " tag="260"><subfield code="a">Port Washington, Wis. :</subfield><subfield code="b">W.B. Krause,</subfield><subfield code="c">-1913.</subfield></datafield><datafield ind1=" " ind2=" " tag="300"><subfield code="a">v. :</subfield><subfield code="b">ill.</subfield></datafield><datafield ind1=" " ind2=" " tag="310"><subfield code="a">Weekly</subfield></datafield><datafield ind1="0" ind2=" " tag="362"><subfield code="a">-whole no. 2015 (Jan. 25, 1913).</subfield></datafield><datafield ind1=" " ind2=" " tag="500"><subfield code="a">Contains: Ozaukeean, published in Grafton, Wis., vol. 1, no. 15 (Nov. 30, 1895)--v. 1, no. 41 (May 30, 1896).</subfield></datafield><datafield ind1=" " ind2=" " tag="500"><subfield code="a">Publisher varies.</subfield></datafield><datafield ind1=" " ind2=" " tag="515"><subfield code="a">Ceases original numbering with Vol. 28, no. 4 (Nov. 17, 1900); continues with whole no. 1357 (Nov. 24, 1900).</subfield></datafield><datafield ind1=" " ind2=" " tag="530"><subfield code="a">Available on microfilm from The State Historical Society of Wisconsin.</subfield></datafield><datafield ind1=" " ind2=" " tag="580"><subfield code="a">Continues: Weekly star?</subfield></datafield><datafield ind1=" " ind2=" " tag="588"><subfield code="a">Description based on: Vol. 20, no. 1 (Feb. 9, 1895).</subfield></datafield><datafield ind1=" " ind2=" " tag="752"><subfield code="a">United States</subfield><subfield code="b">Wisconsin</subfield><subfield code="c">Ozaukee</subfield><subfield code="d">Port Washington.</subfield></datafield><datafield ind1=" " ind2=" " tag="752"><subfield code="a">United States</subfield><subfield code="b">Wisconsin</subfield><subfield code="c">Ozaukee</subfield><subfield code="d">Grafton.</subfield></datafield><datafield ind1="1" ind2="0" tag="780"><subfield code="t">Weekly star (Port Washington, Wis.)</subfield><subfield code="w">(DLC)sn 85041042</subfield></datafield><datafield ind1="0" ind2="7" tag="785"><subfield code="t">Ozaukee County advertiser</subfield><subfield code="w">(DLC)sn 85041028</subfield></datafield><datafield ind1="0" ind2="7" tag="785"><subfield code="t">Port Washington star and Ozaukee County advertiser</subfield><subfield code="w">(DLC)sn 85041040</subfield></datafield><datafield ind1="1" ind2=" " tag="029"><subfield code="a">AU@</subfield><subfield code="b">000021431975</subfield></datafield></record>